006023537 FMT   L BK
006023537 LDR   L 00000cam^a2201861^i^4500
006023537 001   L 006023537
006023537 005   L 20170920092019.0
006023537 008   L 121109s2012^^^^fi^||||^^^^^^|00|^0|fin|^
006023537 015   L $$afx1006800$$2skl
006023537 020   L $$a978-952-61-0804-9$$qnidottu
006023537 035   L $$a(FI-MELINDA)006023537
006023537 040   L $$aFI-NL
006023537 0410  L $$afin
006023537 042   L $$afinb
006023537 072 7 L $$a57$$2kkaa
006023537 080   L $$a374$$9FENNI<KEEP>
006023537 080   L $$a37
006023537 084   L $$a38.6$$2ykl$$9FENNI<KEEP>
006023537 084   L $$a37aik$$2uef
006023537 24500 L $$aAikuiskasvatuksen risteysasemalla :$$bjohdatus aikuiskasvatukseen /$$cJuha Suoranta, Juha Kauppila, Hilkka Rekola, Petri Salo ja Marjatta Vanhalakka-Ruoho.
006023537 260   L $$aJoensuu :$$bItä-Suomen yliopisto, Koulutus- ja kehittämispalvelu Aducate,$$c2012$$e(Tampere :$$fJuvenes Print - Tampereen Yliopistopaino)
006023537 300   L $$a247 s. :$$bkuvitettu, taulukkoja ;$$c25 cm
006023537 336   L $$ateksti$$btxt$$2rdacontent
006023537 337   L $$akäytettävissä ilman laitetta$$bn$$2rdamedia
006023537 338   L $$anide$$bnc$$2rdacarrier
006023537 4901  L $$aAducate reports and books,$$x1798-9116 ;$$vno 3/2012
006023537 500   L $$aJulkaistu aiemmin Joensuun yliopiston täydennyskoulutuskeskuksen kustantamana vuonna 2008 (2. korj. ja uud. p.).$$9FENNI<KEEP>$$9SAMK<DROP>
006023537 500   L $$aLisäpainokset: [Lisäpainos] 2015.
006023537 5050  L $$a1 Aikuiskasvatus siltatieteenä -- 2 Aikuiskasvatuksen tieteellistyminen -- 3 Elämänkulku ja elinikäinen oppiminen -- 4 Ekskursio: elämänkulku ja aikuisuus - Daniel Levinson -- 5 Kulttuuris-yhteiskunnallista aikuisohjausta etsimässä -- 6 Sosiaaliset liikkeet ja aktiivinen kansalaisuus -- 7 Kansansivistystyö Suomessa ja muissa Pohjoismaissa -- 8 Aikuiskasvatuksen merkitys työelämän muutoksissa -- 9 Ekskursio: Työelämän problematiikkaan perehtynyt teoreetikko - Richard Sennett -- 10 Näkökulmia informaatioyhteiskuntaan ja aikuisten mediakasvatukseen -- 11 Aikuiskoulutus ja markkinoiden voima.
006023537 579   L $$aXLUETTELOITU$$bjosku
006023537 650 7 L $$aaikuiskasvatus$$2ysa$$9FENNI<KEEP>
006023537 650 7 L $$aaikuiskoulutus$$2ysa$$9FENNI<KEEP>
006023537 650 7 L $$aelinikäinen oppiminen$$2ysa$$9FENNI<KEEP>
006023537 650 7 L $$aelämänkaari$$2ysa$$9FENNI<KEEP>
006023537 650 7 L $$aohjaus$$2ysa$$9FENNI<KEEP>
006023537 650 7 L $$akansalaisyhteiskunta$$2ysa$$9FENNI<KEEP>
006023537 650 7 L $$aosallistuminen$$2ysa$$9FENNI<KEEP>
006023537 650 7 L $$asosiaaliset liikkeet$$2ysa$$9FENNI<KEEP>
006023537 650 7 L $$akansanvalistus$$2ysa$$9FENNI<KEEP>
006023537 650 7 L $$avapaa sivistystyö$$2ysa$$9FENNI<KEEP>
006023537 650 7 L $$atyöelämä$$2ysa$$9FENNI<KEEP>
006023537 650 7 L $$amuutos$$2ysa$$9FENNI<KEEP>
006023537 650 7 L $$atietoyhteiskunta$$2ysa$$9FENNI<KEEP>
006023537 650 7 L $$amediakasvatus$$2ysa$$9FENNI<KEEP>
006023537 650 7 L $$aaikuiset$$2ysa$$9FENNI<KEEP>
006023537 650 7 L $$aglobalisaatio$$2ysa$$9FENNI<KEEP>
006023537 650 7 L $$ahistoria$$2ysa$$9FENNI<KEEP>
006023537 650 7 L $$akoulutuspolitiikka$$2ysa
006023537 650 7 L $$aoppiminen$$xaikuiset$$2ysa$$9SAVON<DROP>
006023537 650 7 L $$atyöelämä$$xmuutos$$2ysa$$9SAVON<DROP>
006023537 650 7 L $$aoppiminen$$2ysa
006023537 650 7 L $$autbildningspolitik$$2allars
006023537 650 7 L $$ainlärning$$2allars
006023537 650 7 L $$avuxna$$2allars
006023537 650 7 L $$aarbetsliv$$2allars
006023537 650 7 L $$aförändring$$2allars
006023537 650 7 L $$avuxenpedagogik$$2allars
006023537 650 7 L $$avuxenutbildning$$2allars
006023537 650 7 L $$alivslångt lärande$$2allars
006023537 650 7 L $$adelatagande$$2allars
006023537 650 7 L $$afritt bildningsarbete$$2allars
006023537 650 7 L $$ahandledning$$2allars
006023537 650 7 L $$aglobalisering$$2allars
006023537 650 7 L $$aelämänkaari$$xohjaus$$2ysa
006023537 650 7 L $$amediakasvatus$$xaikuiset$$2ysa
006023537 650 7 L $$aglobalisaatio$$xkasvatus$$2ysa
006023537 650 7 L $$aaikuiskasvatus$$xhistoria$$2ysa
006023537 7001  L $$aSalo, Petri,$$d1964-$$0(FIN11)000114384$$9SAMK<DROP>, SAVON<DROP>
006023537 7001  L $$aSalo, Petri,$$d1964-$$ekirjoittaja.$$0(FIN11)000114384
006023537 7001  L $$aSuoranta, Juha,$$ekirjoittaja.
006023537 7001  L $$aKauppila, Juha,$$d1963-$$ekirjoittaja.$$0(FIN11)000111793
006023537 7001  L $$aRekola, Hilkka,$$ekirjoittaja.
006023537 7001  L $$aVanhalakka-Ruoho, Marjatta,$$d1950-$$ekirjoittaja.$$0(FIN11)000062142
006023537 830 0 L $$aAducate reports and books,$$x1798-9116 ;$$vno 3/2012.
006023537 901   L $$aMU20121109$$5FENNI
006023537 902   L $$ab$$5FENNI
